@article{Card:1980:KMU:358886.358895,
 author = {Card, Stuart K. and Moran, Thomas P. and Newell, Allen},
 title = {The Keystroke-level Model for User Performance Time with Interactive Systems},
 journal = {Commun. ACM},
 issue_date = {July 1980},
 volume = {23},
 number = {7},
 month = jul,
 year = {1980},
 issn = {0001-0782},
 pages = {396--410},
 numpages = {15},
 url = {http://doi.acm.org/10.1145/358886.358895},
 doi = {10.1145/358886.358895},
 acmid = {358895},
 publisher = {ACM},
 address = {New York, NY, USA},
 keywords = {cognitive psychology, ergonomics, human factors, human-computer interaction, human-computer interface, systems design, user model, user performance},
} 

@article{Busloff1993,
 author = {Stephanie E. Busloff},
 title = {Can you eyes be used against you--the use of the Horizontal Gaze Nystagmus Test in the Courtroom},
 journal = {Journal of Criminal Law and Criminology},
 issue_date = {Spring 1993},
 volume = {84},
 number = {1},
 month = {spr},
 year = {1993},
 url = {http://scholarlycommons.law.northwestern.edu/jclc/vol84/iss1/7},
} 

@incollection{majaranta14,
year={2014},
isbn={978-1-4471-6391-6},
booktitle={Advances in Physiological Computing},
series={Human-Computer Interaction Series},
editor={Fairclough, Stephen H. and Gilleade, Kiel},
doi={10.1007/978-1-4471-6392-3_3},
title={Eye Tracking and Eye-Based Human-Computer Interaction},
url={http://dx.doi.org/10.1007/978-1-4471-6392-3_3},
publisher={Springer London},
author={Majaranta, Päivi and Bulling, Andreas},
pages={39-65},
language={English}
}

@incollection{Jacob:1995:ETA:216164.216178,
 author = {Jacob, Robert J. K.},
 chapter = {Eye Tracking in Advanced Interface Design},
 title = {Virtual Environments and Advanced Interface Design},
 editor = {Barfield, Woodrow and Furness,III, Thomas A.},
 year = {1995},
 isbn = {0-19-507555-2},
 pages = {258--288},
 numpages = {31},
 url = {http://dl.acm.org/citation.cfm?id=216164.216178},
 acmid = {216178},
 publisher = {Oxford University Press, Inc.},
 address = {New York, NY, USA},
} 

@INPROCEEDINGS{5090980,
author={Porta, M. and Ravelli, A.},
booktitle={Human System Interactions, 2009. HSI '09. 2nd Conference on},
title={WeyeB, an eye-controlled Web browser for hands-free navigation},
year={2009},
pages={210-215},
keywords={eye;handicapped aids;human computer interaction;information retrieval;online front-ends;WeyeB;assistive technology field;eye tracking systems;eye-controlled Web browser;hands-free navigation;Cameras;Collaborative software;Cornea;Eyes;Motion measurement;Navigation;Neuroscience;Psychology;Retina;Tracking;Web browsing;assistive technology;eye input;eye tracking;gaze interaction;link selection;scrolling},
doi={10.1109/HSI.2009.5090980},
month={May},}

@INPROCEEDINGS{Poole05eyetracking,
    author = {Alex Poole and Linden J. Ball},
    title = {Eye Tracking in Human-Computer Interaction and Usability Research: Current Status and Future},
    booktitle = {Prospects, Chapter in C. Ghaoui (Ed.): Encyclopedia of Human-Computer Interaction. Pennsylvania: Idea Group, Inc},
    year = {2005}
}

@inproceedings{Yonezawa:2007:GBS:1322192.1322218,
 author = {Yonezawa, Tomoko and Yamazoe, Hirotake and Utsumi, Akira and Abe, Shinji},
 title = {Gaze-communicative Behavior of Stuffed-toy Robot with Joint Attention and Eye Contact Based on Ambient Gaze-tracking},
 booktitle = {Proceedings of the 9th International Conference on Multimodal Interfaces},
 series = {ICMI '07},
 year = {2007},
 isbn = {978-1-59593-817-6},
 location = {Nagoya, Aichi, Japan},
 pages = {140--145},
 numpages = {6},
 url = {http://doi.acm.org/10.1145/1322192.1322218},
 doi = {10.1145/1322192.1322218},
 acmid = {1322218},
 publisher = {ACM},
 address = {New York, NY, USA},
 keywords = {eye contact, gaze communication, joint attention, stuffed-toy robot},
} 

@incollection{Jacob2003573,
title = "Commentary on Section 4 - Eye Tracking in Human-Computer Interaction and Usability Research: Ready to Deliver the Promises ",
editor = "Deubel, J. HyönäR. RadachH. ",
booktitle = "The Mind's Eye ",
publisher = "North-Holland",
edition = "",
address = "Amsterdam",
year = "2003",
pages = "573 - 605",
isbn = "978-0-444-51020-4",
doi = "http://dx.doi.org/10.1016/B978-044451020-4/50031-1",
url = "http://www.sciencedirect.com/science/article/pii/B9780444510204500311",
author = "Robert J.K. Jacob and Keith S. Karn"
}

@inproceedings{Nguyen:2002:DIB:507072.507099,
 author = {Nguyen, Karlene and Wagner, Cindy and Koons, David and Flickner, Myron},
 title = {Differences in the Infrared Bright Pupil Response of Human Eyes},
 booktitle = {Proceedings of the 2002 Symposium on Eye Tracking Research \& Applications},
 series = {ETRA '02},
 year = {2002},
 isbn = {1-58113-467-3},
 location = {New Orleans, Louisiana},
 pages = {133--138},
 numpages = {6},
 url = {http://doi.acm.org/10.1145/507072.507099},
 doi = {10.1145/507072.507099},
 acmid = {507099},
 publisher = {ACM},
 address = {New York, NY, USA},
 keywords = {Gaze tracking, bright pupil response, eye tracking, red-eye effect, retro-reflective pupil response},
} 

@article{John2004,
 author = {John M. Henderson},
 title = {Human gaze control during real-world scene perception},
 journal = {Trends in Cognitive Sciences},
 issue_date = {November 2003},
 volume = {7},
 number = {11},
 month = {nov},
 year = {2003},
 issn = {1364-6613},
 pages = {498--504},
 numpages = {7},
 url = {http://cvcl.mit.edu/SUNSeminar/Henderson_03.pdf},
 doi = {10.1016/j.tics.2003.09.006},
} 

@incollection{Velichkovsky97,
year={1997},
isbn={978-1-4757-5437-7},
booktitle={Human-Computer Interaction INTERACT '97},
series={IFIP - The International Federation for Information Processing},
editor={Howard, Steve and Hammond, Judy and Lindgaard, Gitte},
doi={10.1007/978-0-387-35175-9_77},
title={Towards gaze-mediated interaction: Collecting solutions of the "Midas touch problem"},
url={http://dx.doi.org/10.1007/978-0-387-35175-9_77},
publisher={Springer US},
keywords={Attention; eyetracking; fixations; levels of processing; user-centered approach},
author={Velichkovsky, Boris and Sprenger, Andreas and Unema, Pieter},
pages={509-516},
language={English}
}

@inproceedings{Drewes:2007:ICU:1778331.1778385,
 author = {Drewes, Heiko and Schmidt, Albrecht},
 title = {Interacting with the Computer Using Gaze Gestures},
 booktitle = {Proceedings of the 11th IFIP TC 13 International Conference on Human-computer Interaction - Volume Part II},
 series = {INTERACT'07},
 year = {2007},
 isbn = {3-540-74799-0, 978-3-540-74799-4},
 location = {Rio de Janeiro, Brazil},
 pages = {475--488},
 numpages = {14},
 url = {http://dl.acm.org/citation.cfm?id=1778331.1778385},
 acmid = {1778385},
 publisher = {Springer-Verlag},
 address = {Berlin, Heidelberg},
 keywords = {eye-tracker, gaze gestures},
}

@inproceedings{Ohno:1998:FEG:786112.786297,
 author = {Ohno, T.},
 title = {Features of Eye Gaze Interface for Selection Tasks},
 booktitle = {Proceedings of the Third Asian Pacific Computer and  Human Interaction},
 series = {APCHI '98},
 year = {1998},
 isbn = {0-8186-8347-3},
 pages = {176--},
 url = {http://dl.acm.org/citation.cfm?id=786112.786297},
 acmid = {786297},
 publisher = {IEEE Computer Society},
 address = {Washington, DC, USA},
}

@article{wardmackay2002,
author="D. J. Ward  and D. J. C. MacKay",
title="Fast Hands-free writing by Gaze Direction",
year="2002",
journal={Nature},
volume={418},
number={6900},
pages={838},
url={http://www.inference.phy.cam.ac.uk/mackay/abstracts/eyeshortpaper.html}
}

@article{doi:10.1080/14626260500476523,
author = { Tore   Vesterby  and  Jonas C.   Voss  and  John   Paulin   Hansen  and  Arne   John   Glenstrup  and  Dan   Witzner   Hansen  and  Mark   Rudolph },
title = {Gaze-guided viewing of interactive movies},
journal = {Digital Creativity},
volume = {16},
number = {4},
pages = {193-204},
year = {2005},
doi = {10.1080/14626260500476523},

URL = { 
        http://dx.doi.org/10.1080/14626260500476523
    
},
eprint = { 
        http://dx.doi.org/10.1080/14626260500476523
    
}

}

@article{Isokoski:2009:GCG:1667488.1667491,
 author = {Isokoski, Poika and Joos, Markus and Spakov, Oleg and Martin, Beno\&\#x00ee;t},
 title = {Gaze Controlled Games},
 journal = {Univers. Access Inf. Soc.},
 issue_date = {October 2009},
 volume = {8},
 number = {4},
 month = oct,
 year = {2009},
 issn = {1615-5289},
 pages = {323--337},
 numpages = {15},
 url = {http://dx.doi.org/10.1007/s10209-009-0146-3},
 doi = {10.1007/s10209-009-0146-3},
 acmid = {1667491},
 publisher = {Springer-Verlag},
 address = {Berlin, Heidelberg},
 keywords = {Computer games, Eye tracking, Taxonomy},
} 

@INPROCEEDINGS{538404,
author={Jian Wang},
booktitle={Systems, Man and Cybernetics, 1995. Intelligent Systems for the 21st Century., IEEE International Conference on},
title={Integration of eye-gaze, voice and manual response in multimodal user interface},
year={1995},
volume={5},
pages={3938-3942 vol.5},
keywords={multimedia computing;speech recognition;user interfaces;virtual reality;voice equipment;3D cube manipulation task;VisualMan;application-independent model;eye-gaze response;manual response;multimodal user interface;virtual reality interface;voice response;Context;Graphical user interfaces;Human factors;Laboratories;Prototypes;Psychology;User interfaces;Virtual environment;Virtual reality;Visualization},
doi={10.1109/ICSMC.1995.538404},
month={Oct},}

@incollection{maglio2000,
year={2000},
isbn={978-3-540-41180-2},
booktitle={Advances in Multimodal Interfaces - ICMI 2000},
volume={1948},
series={Lecture Notes in Computer Science},
editor={Tan, Tieniu and Shi, Yuanchun and Gao, Wen},
doi={10.1007/3-540-40063-X_1},
title={Gaze and Speech in Attentive User Interfaces},
url={http://dx.doi.org/10.1007/3-540-40063-X_1},
publisher={Springer Berlin Heidelberg},
author={Maglio, PaulP. and Matlock, Teenie and Campbell, ChristopherS. and Zhai, Shumin and Smith, BartonA.},
pages={1-7},
language={English}
}


@inproceedings{Hansen:2015:GIT:2800835.2804332,
 author = {Hansen, John Paulin and Biermann, Florian and Madsen, Janus Ask{\o} and Jonassen, Morten and Lund, Haakon and Agustin, Javier San and Sztuk, Sebastian},
 title = {A Gaze Interactive Textual Smartwatch Interface},
 booktitle = {Adjunct Proceedings of the 2015 ACM International Joint Conference on Pervasive and Ubiquitous Computing and Proceedings of the 2015 ACM International Symposium on Wearable Computers},
 series = {UbiComp/ISWC'15 Adjunct},
 year = {2015},
 isbn = {978-1-4503-3575-1},
 location = {Osaka, Japan},
 pages = {839--847},
 numpages = {9},
 url = {http://doi.acm.org/10.1145/2800835.2804332},
 doi = {10.1145/2800835.2804332},
 acmid = {2804332},
 publisher = {ACM},
 address = {New York, NY, USA},
 keywords = {gaze input, gaze interaction, gestures, rapid serial visual presentation, smartwatch, user interface, wearable computing},
} 
